<?xml version="1.0" encoding="UTF-8"?><collection xmlns="http://www.loc.gov/MARC21/slim"><record><leader>00350nam--2200121-i-4500</leader><controlfield tag="001">000036976</controlfield><controlfield tag="002">20161230</controlfield><controlfield tag="005">20161230201041</controlfield><controlfield tag="008">060222s1000------------r-----000-0-eng-d</controlfield><datafield ind1=" " ind2=" " tag="100"><subfield code="a">Prigogine And Defay, R</subfield></datafield><datafield ind1=" " ind2=" " tag="245"><subfield code="a">Chemical thermodynamics. transl.by everett, from the second ed.1950 ..</subfield></datafield><datafield ind1=" " ind2=" " tag="260"><subfield code="a">London, Longmans, 1954, Xxxii + 543p</subfield></datafield><datafield ind1=" " ind2=" " tag="852"><subfield code="a">10632</subfield></datafield></record></collection>